1699 2998
470 73 487 147 ἶ
529 94 1043 142 CHOEPHORAS.
1402 105 1467 159 89

116 225 284 266 quoque
304 209 538 251 venationis
558 209 710 249 sociam
724 237 735 257 ,
766 224 910 251 amore
928 210 1076 251 ductus
1095 209 1211 250 hisee
1239 210 1377 265 spoliis
1404 227 1470 252 or-

116 280 245 318 navit,
272 289 280 293 “
306 274 441 329 Quem
474 277 679 315 honorem
713 292 808 316 cum
832 276 1032 328 Meleagri
1055 279 1273 323 avunculi,
1306 279 1469 318 Thestii

117 344 224 392 filii,
279 344 427 383 matris
464 344 670 383 Althaeae
705 342 853 382 fratres
883 345 1042 395 puellae
1071 344 1332 394 invidissent,
1392 360 1469 397 per

118 411 203 451 vim
235 409 272 447 ei
302 424 451 449 munus
482 410 691 461 eripiunt,
725 420 1035 460 proptereaque
1065 423 1094 447 a·
1118 406 1328 464 Meleagro
1362 412 1469 450 occ't·

117 476 287 515 duntur.
343 479 482 528 Quam
506 476 687 516 fratrum
708 467 880 514 caedem
906 476 1139 528 aegerrime
1162 478 1254 516 tulit
1277 478 1470 525 Althaea,

116 541 285 594 filioque
321 554 530 592 mortem,
568 544 629 590 vel
662 552 708 580 ut
735 542 941 580 Homerus
972 555 1114 581 narrat
1148 542 1266 582 Iliad.
1289 544 1354 581 IX.
1380 547 1470 593 562.

88 634 91 636 —
117 607 515 659 imprecationibus,
556 610 620 649 vel
650 620 696 647 ut
728 607 984 647 recentiores
1018 608 1268 661 perhibent,
1299 609 1471 649 mirabi-

115 673 201 710 lem
235 673 354 713 illum
391 676 606 724 titionem,
646 675 761 726 cujus
789 688 809 710 a
832 673 1144 714 conservatione
1165 675 1238 713 filii
1265 676 1346 714 vita
1374 690 1473 727 pen·

118 738 266 787 debat,
296 742 584 781 comburendo
613 740 872 781 acceleravit.
929 742 1100 795 Nempe
1125 741 1356 782 secundum
1379 743 1474 784 Ovi·

118 803 238 845 dium
270 809 442 846 Metam.
476 809 584 846 VIII.
615 821 693 857 451
719 806 800 859 sqq.

282 888 411 934 Stipes
442 896 553 931 erat,
585 900 696 936 quem
726 900 809 922 cum
838 893 979 933 partus
1009 885 1125 921 enixa
1149 888 1327 932 jaceret,

286 953 478 1001 Thestias,
521 954 560 989 in
581 953 801 997 flammam·
822 952 998 998 triplices
1027 952 1187 1001 posuere
1209 954 1391 1007 sacres,¹

282 1020 532 1066 Staminaque
563 1020 743 1067 impresso
774 1017 930 1063 fatalia
957 1019 1100 1065 pollice
1128 1028 1266 1057 nentes

286 1088 500 1133 Tempora,
540 1085 751 1129 dixerunt,
785 1085 923 1119 eadem
953 1085 1134 1132 lignoque
1167 1087 1339 1134 tibique,

284 1153 315 1186 Ο
345 1153 459 1187 modo
488 1158 603 1193 nate,
635 1152 787 1186 damus.
846 1153 927 1197 Quo
945 1151 1147 1199 postquam
1174 1155 1346 1191 carmine
1371 1154 1474 1192 dicto

282 1218 484 1265 Excessere
516 1219 636 1261 deae,
677 1216 928 1265 flagrantem
957 1225 1086 1253 mater
1115 1221 1162 1254 ab
1194 1221 1287 1267 igne

284 1284 440 1332 Eripuit
469 1280 883 1332 torrem5sparsitque
914 1283 1148 1332 liquentibus
1178 1287 1306 1322 undis.

121 1373 241 1412 Hanc
271 1371 402 1424 igitur
431 1368 641 1415 fabulam,
680 1368 806 1408 etiam
841 1369 1100 1421 Apollodoro
1135 1371 1207 1412 lib.
1232 1373 1262 1410 Ι.
1296 1386 1332 1411 c.
1363 1382 1399 1418 8.
1434 1385 1477 1414 et

119 1439 310 1478 Diodoro
342 1435 480 1474 Siculo
510 1435 582 1474 lib.
606 1436 678 1475 IV.
714 1450 750 1475 c„
775 1450 837 1486 34.
875 1449 1159 1476 memoratam
1194 1437 1265 1478 hic
1293 1440 1478 1492 sequitur

119 1504 361 1556 Aeschylus.

233 1607 270 1631 v.
303 1593 396 1631 602.
463 1584 612 1641 πυρδαῆ
643 1589 850 1642 πρόνοιαν]
918 1595 1105 1643 astutiam
1146 1596 1185 1633 in
1221 1600 1477 1638 comburendo

121 1659 194 1699 illo
227 1657 374 1697 titione
393 1660 629 1709 spectatam.
688 1658 842 1697 Audax
874 1658 933 1698 est
963 1662 1188 1698 verborum
1221 1661 1478 1714 compositio,

122 1724 193 1765 sed
224 1727 274 1762 ab
301 1723 471 1775 ingenio
494 1722 724 1774 Aeschyleo
754 1724 866 1763 haud
905 1724 1063 1774 aliena,
1094 1737 1143 1765 ut
1164 1727 1293 1767 lectio
1315 1730 1479 1769 Turne-

121 1793 248 1833 biana
270 1786 433 1841 πυρδαὴς
462 1788 639 1826 minime
671 1790 906 1830 revocanda
930 1788 990 1829 fit.

235 1895 272 1918 v.
297 1880 390 1927 603.
450 1873 656 1924 δαφοινὸν]
710 1879 841 1927 Stanl.
869 1879 995 1921 vertit
1026 1890 1248 1928 cruentum,
1281 1882 1384 1921 etin
1409 1899 1480 1923 no-

127 1947 177 1987 tls
210 1944 383 1999 exponit
419 1949 667 1990 candentem.
727 1948 783 1984 At
813 1946 896 1986 hoc
927 1945 1030 1985 ferri
1055 1960 1139 1985 non
1165 1947 1312 1999 potest.
1386 1951 1480 1991 {ed-

124 2013 311 2055 dendum
334 2010 470 2064 potius
493 2009 552 2049 eft
576 2015 1059 2063 torremsanguinarium,
1087 2013 1131 2054 h.
1158 2027 1194 2052 e.
1223 2015 1370 2054 mortis
1394 2018 1482 2056 Me-

112 2078 282 2131 leagri,
303 2077 425 2120 ,dum
456 2079 807 2128 comburebatur,
847 2090 1091 2126 auctorem,
1119 2080 1481 2132 quemadmodum

128 2137 298 2185 ovidius
312 2147 524 2194 funereum
546 2145 678 2193 dixit,
708 2148 883 2185 Metam.
905 2146 1014 2185 vm.
1043 2160 1132 2196 511.

177 2204 185 2217 .

282 2237 496 2284 funereum
520 2247 667 2275 torrem
697 2239 845 2276 medios
875 2240 1039 2286 conjecit
1069 2240 1107 2275 in
1139 2241 1265 2288 ignes.

129 2335 203 2364 aut
223 2321 252 2362 fi
272 2324 354 2363 hoc
375 2323 450 2363 tibi
470 2326 813 2366 catachresricum
838 2326 1057 2374 videatur,
1085 2325 1226 2366 videas
1262 2341 1313 2366 an
1345 2329 1482 2383 legen-

131 2391 232 2430 dum
256 2390 395 2442 potius
417 2388 463 2429 fit
481 2388 616 2436 παιδὸς
639 2389 844 2439 δαφοινοῦ,
870 2393 1136 2440 cruentifilii,
1161 2391 1202 2431 h.
1223 2409 1258 2434 e.
1280 2395 1483 2449 Meleagri

129 2456 324 2510 sanguine
347 2460 651 2497 avunculorum
672 2460 878 2499 Althaeae
899 2457 1077 2498 fratrum
1106 2461 1268 2512 polluti.

850 2580 935 2631 (F)
968 2593 987 2631 5
1331 2598 1369 2623 v.
1391 2582 1486 2633 604».
