1699 2998
592 123 994 171 SUPPLtoES.
1365 128 1463 189 239

105 244 247 286 vitatis
267 252 489 294 receptas,
522 239 711 293 adeoque
733 242 784 279 ab
811 239 927 278 omni
965 239 1038 278 seu-
1067 239 1223 280 civium
1256 240 1326 281 seu
1356 252 1466 282 exte.

105 325 254 350 rorum
277 309 313 349 vi
336 318 377 347 et
398 307 551 360 injuria
577 318 690 346 tutas
715 317 756 345 et
777 305 930 345 liberas
955 305 1047 346 esse.

220 398 324 437 Inde
348 396 537 444 Chorus,
568 406 690 449 patre
713 396 952 449 praesente,
986 395 1216 436 effunditur
1249 396 1293 436 in
1323 399 1465 438 laudes

107 464 364 517 Argivorum
411 473 455 502 et
493 462 565 516 pia
602 474 699 503 vota
746 477 824 515 pro
869 476 1022 503 ⁴eorum
1069 464 1198 504 salute
1234 465 1466 517 concepta3

109 534 247 576 vn628
273 529 358 583 sqq.

214 620 385 659 Danaus
415 618 571 672 pietate
600 617 785 658 filiarum
818 619 1072 667 collaudata,
1115 620 1155 658 se
1185 633 1336 660 navem
1371 634 1468 674 pro-

106 686 299 739 spectare
321 684 510 731 nuntiat,
540 697 618 723 nec
641 684 835 725 dubitare
869 688 920 725 ab
943 687 1127 739 Aegypti
1155 686 1249 726 filiis
1282 687 1469 734 missam3

109 767 292 804 eamque
312 754 396 806 jam
418 751 462 789 in
485 765 533 789 eo
557 750 636 790 esse
660 763 705 789 ut
725 753 776 792 ad
801 753 922 792 littus
955 754 1160 804 appellat,
1201 752 1469 804 sequentibus

110 818 242 858 etiam
273 818 364 859 aliis
398 817 588 869 navigiis.
656 818 780 858 Jubet
810 829 956 858 autem
986 832 1053 858 eas
1091 830 1207 857 metu
1240 819 1467 867 abstinere,

109 884 150 925 se
170 887 254 938 jam
274 885 436 923 iturum
451 912 463 931 ‚
495 881 804 936 advocatosque
827 897 868 925 et
891 897 1228 937 propugnatores
1260 884 1469 924 arcesfitu-

109 964 220 993 rum.
278 950 380 990 Inde
399 950 625 1002 sequuntur
646 949 828 989 filiarum
850 961 892 989 et
915 951 1043 1004 patris
1067 951 1220 990 alterni
1245 951 1468 999 sermones,

111 1019 263 1068 quibus
284 1018 380 1056 illae
401 1016 598 1055 timorem
621 1027 662 1054 et
685 1017 944 1056 anxietatem
973 1016 1227 1069 fignificant,
1265 1017 1337 1056 hic
1366 1031 1470 1056 vero

113 1096 182 1124 eas
201 1086 326 1123 rebus
348 1081 430 1123 suis
452 1081 666 1120 confidere
687 1092 728 1121 et
750 1085 855 1122 bene
877 1083 1047 1135 sperare
1066 1084 1194 1133 iubet.
1228 1097 1264 1121 v.
1284 1097 1361 1133 713
1385 1083 1469 1136 sqq.

219 1170 311 1210 Post
340 1172 499 1209 abitum
529 1170 664 1223 patris
695 1171 859 1211 Chorus
899 1171 1055 1211 iterum
1085 1187 1122 1211 v.
1158 1186 1234 1223 779
1258 1173 1342 1225 sqq.
1380 1187 1471 1212 car-

113 1237 228 1278 mine
270 1236 507 1290 perieulum
549 1236 668 1275 suum
710 1238 926 1290 deplorat,
972 1239 1097 1291 seque
1134 1240 1254 1278 citius
1287 1251 1470 1281 mortem

113 1318 238 1358 quam
261 1303 520 1357 patruelium
545 1299 1094 1358 conjugiunioppetiturtim
1120 1305 1320 1345 declarat.

222 1395 430 1445 Sequente
443 1394 565 1432 scena
579 1394 670 1431 Vn.
693 1407 730 1430 v.
753 1402 825 1441 838
843 1392 921 1446 sqq.
937 1408 1090 1446 praeco
1113 1397 1162 1433 ab
1177 1395 1360 1447 Aegypti
1375 1397 1468 1436 filiis
1500 1406 1502 1409 ’

114 1461 255 1501 missus
280 1458 478 1498 ferociter
490 1458 700 1497 Danaides
721 1461 965 1512 compellat,
994 1474 1146 1513 easque
1168 1462 1384 1501 confestim
1412 1464 1469 1503 se-

115 1527 187 1579 qui
209 1525 249 1564 [e
268 1526 406 1577 jubetg
435 1525 478 1562 ni
500 1524 680 1571 faciant,
708 1524 745 1562 vi
768 1524 807 1562 se
833 1538 900 1564 eas
921 1530 1469 1578 protracturum·minatur.

115 1594 192 1632 His
212 1591 492 1629 renitentibus
525 1605 573 1629 ae
595 1588 921 1631 vociferantibus
942 1594 1096 1631 auxilio
1120 1595 1233 1632 venit
1259 1593 1342 1642 (Sc.
1360 1597 1469 1635 vm.

115 1674 154 1698 v.
170 1671 214 1707 91
227 1656 285 1706 2.)
300 1670 374 1694 rex
389 1656 662 1707 Argivorum,
675 1657 744 1708 qui
763 1671 1014 1708 praeconem
1039 1660 1123 1710 jam
1147 1674 1292 1698 manus
1308 1661 1469 1702 inferre

113 1723 265 1778 puellis
286 1732 486 1760 conatum
510 1724 736 1770 absterret,
771 1736 922 1774 easque
943 1724 985 1762 in
1006 1724 1117 1763 suam
1145 1729 1370 1780 populique
1390 1731 1468 1767 Ar-

117 1790 198 1844 givi
223 1789 396 1826 tutelam
419 1798 609 1840 receptas
633 1789 713 1827 esse
738 1789 973 1828 denuntiat.
1025 1792 1075 1828 Et
1095 1792 1164 1830 ille
1189 1793 1355 1843 quidem
1383 1797 1470 1834 bel·

116 1857 207 1895 lum
233 1852 320 1904 regi
355 1852 408 1891 ab
430 1853 616 1903 Aegypti
650 1852 743 1892 filiis
775 1854 959 1893 minatus
989 1855 1187 1903 discedit3
1223 1873 1300 1897 rex
1328 1872 1468 1902 autem

115 1918 330 1961 Danaides
353 1919 465 1956 omni
491 1930 606 1957 metu
632 1919 809 1967 liberat,
850 1920 1025 1973 hospitia
1058 1923 1140 1974 jam
1173 1936 1319 1976 parata
1349 1926 1469 1980 [igni—
1522 1944 1525 1946 ·

114 1987 246 2027 ficans
262 2013 274 2033 ,
303 1996 348 2023 ut
369 1984 441 2022 uhi
464 1984 654 2023 habitare
676 1986 826 2034 velint,
863 1987 912 2025 iis
936 1988 1115 2027 liberum
1148 1989 1195 2029 fit
1228 1993 1467 2035 arbitrium.

117 2053 237 2093 Idem
272 2064 459 2090 extrema
492 2050 607 2089 scena
637 2064 677 2089 v.
703 2062 795 2100 981.
828 2052 1126 2104 superveniens
1159 2069 1277 2108 pater
1299 2050 1468 2103 Danaus

118 2120 366 2164 confirmat,
399 2117 582 2168 filiasque
601 2128 646 2155 ut
670 2119 991 2167 verecundiam,
1020 2121 1248 2162 castitatem
1277 2120 1469 2167 omnino-

118 2200 201 2238 que
225 2197 394 2222 morum
417 2182 668 2234 probitatem
693 2182 856 2222 fervent
877 2184 1138 2226 exhortatur.
1194 2191 1252 2228 Ita
1275 2192 1314 2231 se
1337 2193 1468 2234 factu·

117 2264 185 2292 ras
207 2249 445 2302 pollicitae,
471 2249 581 2287 inter
602 2252 767 2288 cantica
782 2278 792 2297 ,
819 2251 967 2300 quibus
989 2266 1042 2291 ne
1065 2255 1214 2294 bellica
1237 2259 1274 2296 vi
1298 2272 1467 2311 patrue·

118 2317 229 2356 libus
251 2314 354 2366 ipsas
372 2315 414 2352 in
437 2314 726 2366 captivitatem
747 2316 940 2368 redigere
962 2320 1199 2374 contingat,
1223 2338 1463 2377 precantur,

120 2382 166 2423 in
190 2380 408 2421 domicilia
429 2377 503 2420 fibi
525 2377 722 2433 assignata
746 2382 978 2424 discedunt.

654 2502 924 2531 ξεττ-,ξ

1395 2626 1463 2666 ΙΝ
