1699 2998
751 652 826 691 IN

163 828 165 830 ¹
468 766 1121 818 AESCHYLI

185 877 1395 968 SUPPL1CES.

281 1142 786 1200 ARGUMEN‘I‘UM
837 1157 1300 1199 TRAGOEDIAE.

111 1251 344 1348 Iuslilius
377 1306 576 1358 Epaphus
608 1304 798 1357 Aegypti
827 1305 922 1343 Rex
952 1318 1003 1342 ex
1032 1305 1280 1357 Memphide
1311 1305 1470 1359 Libyen

109 1375 358 1425 susceperat.
413 1373 564 1422 Libyes
598 1383 639 1410 et
659 1371 852 1422 Neptuni
882 1370 956 1407 filii
986 1369 1106 1410 fuere
1134 1373 1303 1423 Agenor
1334 1383 1376 1409 et
1400 1373 1472 1411 Be·

108 1445 186 1482 lus.
245 1440 367 1478 Belus
399 1436 584 1489 Aegypti
614 1451 793 1489 regnum
827 1436 1002 1489 adeptus
1031 1451 1203 1476 uxorem
1237 1437 1360 1476 duxit
1384 1440 1469 1475 An-

109 1508 292 1548 chinoen
315 1503 404 1541 Nili
438 1502 587 1542 liliam.
662 1504 792 1557 Hujus
824 1502 898 1541 filii
930 1501 1048 1542 fuere
1070 1506 1291 1555 Aegyptus
1324 1515 1362 1541 et
1388 1504 1469 1542 Da-

110 1587 227 1614 naus.
285 1573 477 1621 Aegypto
505 1583 556 1607 ex
585 1568 774 1621 pluribus
802 1570 1006 1608 uxoribus
1042 1570 1341 1623 quinquaginta
1375 1571 1466 1619 filii,

109 1641 256 1680 Danao
279 1635 455 1675 totidem
482 1636 591 1674 filiae
614 1634 854 1689 nascuntur.
899 1637 1087 1688 Aegypti
1112 1636 1183 1674 filii
1207 1636 1341 1674 Danai
1364 1636 1466 1677 filias

108 1708 151 1746 in
177 1702 494 1743 matrimonium
517 1701 772 1754 deposcunt,
802 1714 823 1738 a
847 1713 929 1752 quo
950 1712 1147 1754 tanquam
1171 1702 1304 1754 impio
1326 1704 1466 1742 et'illi-

111 1774 197 1812 cito
235 1771 289 1808 ob
327 1768 537 1820 sanguinis
570 1767 928 1820 propinquitatem
964 1759 1178 1807 Danaides
1223 1768 1464 1817 ab‘horrenr,

110 1850 232 1891 atque
253 1846 299 1873 ut
319 1832 394 1872 fibi
417 1846 439 1870 a
460 1833 501 1871 vi
528 1833 784 1886 patruelium
808 1844 1008 1881 caveant,
1037 1845 1160 1887 patre
1173 1835 1319 1874 Danao
1342 1836 1465 1885 duce,

109 1917 216 1945 nave
237 1911 386 1954 parata
409 1901 516 1938 clam
537 1901 671 1951 Argos
697 1897 953 1950 profugiunt.
997 1928 1000 1932 .

220 1967 351 2007 scena
379 1965 507 2018 igitur
536 1965 678 2018 prima
708 1965 898 2003 Chorum
929 1965 1171 2005 Danaidum
1214 1981 1310 2006 cum
1342 1978 1463 2018 patre

109 2039 256 2078 Danao
276 2031 401 2085 fugae
423 2041 600 2071 auctore
624 2041 664 2072 et
687 2030 956 2070 moderatore
981 2031 1160 2071 ostendit
1175 2061 1186 2079 ‚
1226 2029 1462 2087 supplicum

109 2106 195 2145 ritu
210 2131 222 2150 ‚
247 2112 387 2140 ramos
409 2097 540 2138 laneis
559 2097 675 2138 vittis
691 2097 900 2136 involutos
919 2099 1110 2138 manibus
1128 2110 1328 2152 gerentes.
1374 2102 1463 2140 Hae

109 2169 390 2223 Argivorum,
419 2179 597 2217 quorum
621 2174 757 2202 terrae
778 2161 957 2203 feliciter
983 2167 1258 2218 appulerant,
1300 2165 1460 2219 indige·

112 2249 173 2276 tes
208 2235 330 2280 deos,
373 2231 557 2271 maxime
585 2241 729 2269 autem
761 2230 907 2270 Jovem
948 2231 1115 2283 generis
1144 2231 1204 2269 sui
1244 2243 1461 2272 auctorem

64 2309 68 2310 ⁷
110 2301 364 2353 implorant,
396 2308 452 2337 *ut
474 2295 548 2336 fibi
568 2295 841 2348 Argivorum‘
857 2295 1017 2335 animos
1049 2297 1297 2345 concilient,
1339 2299 1461 2349 seque

110 2384 135 2408 a
154 2368 196 2407 vi
215 2363 495 2417 patruelium,
524 2362 551 2401 fi
571 2361 682 2403 forte
706 2363 827 2402 classe
847 2362 887 2401 se
911 2361 1240 2415 persequantur,
1280 2365 1461 2405 deditio-

110 2444 293 2485 nemque
322 2429 513 2483 poscant,
550 2439 761 2468 tueantur.
838 2428 1001 2480 Quibus
1034 2430 1228 2481 precibus
1265 2432 1459 2472 absolutis

110 2515 150 2541 v.
176 2512 251 2549 179
274 2497 356 2550 sqq.
378 2493 629 2550 colloquium
648 2495 831 2548 sequitur
851 2495 982 2549 patris
1003 2495 1138 2534 Danai
1161 2511 1257 2535 cum
1279 2496 1457 2547 filiabus,

111 2580 195 2618 quo
213 2563 370 2618 partim
393 2575 464 2603 eas
485 2561 743 2610 consolatur,
769 2562 952 2616 partim,
984 2561 1085 2615 quid
1113 2563 1202 2603 fieri
1232 2565 1283 2603 ab
1313 2564 1364 2603 iis
1388 2579 1456 2603 ve-

1391 2630 1453 2679 lit,
