1699 2998
562 103 1082 152 CHOEPHORAs
1471 127 1499 175 5

143 221 228 258 bat.
287 219 456 258 Praeter
478 217 668 257 chorum
697 219 826 272 igitur
848 220 1005 273 septem
1027 222 1213 275 personis
1237 222 1379 264 fabula
1401 240 1500 268 con-

142 287 296 326 ficitur.

249 352 465 404 Agebatur
497 361 637 390 autem
670 363 765 411 ante
784 355 1118 406 Agamemnonis
1147 358 1334 412 regiam3
1366 360 1423 398 ita
1453 372 1497 401 ut

139 421 190 459 ab
229 420 360 457 altera
396 417 541 456 scenae
583 429 702 470 parte
741 419 990 472 conspicuus
1025 422 1122 461 esset
1150 425 1259 476 regis
1291 429 1492 465 tumulus.

136 486 263 525 Actio
294 496 421 523 mane
454 484 628 535 incipit,
660 485 885 539 paucisque
913 487 1028 529 horis
1066 489 1314 540 absolvitur,
1344 493 1493 532 nullibi

135 563 277 591 tamen
313 551 402 590 diei
432 552 624 602 partibus
654 551 807 591 diserte
835 555 1006 602 notatis;
1051 554 1121 594 etsi
1154 571 1377 611 perperam
1408 559 1492 600 huc

133 618 323 658 nonnulli
347 628 592 664 traxerunt,
624 632 660 655 v.
683 623 773 667 316.

243 684 401 723 Scenae
434 695 573 721 autem
608 684 814 737 dramatis
839 686 891 726 fic
915 688 1169 739 procedunt.
1229 689 1366 729 Prima
1389 690 1491 729 Ore·

127 751 228 791 stem
259 764 355 789 cum
389 749 542 800 Pylade
578 750 672 791 fistjt
703 752 839 804 patris
874 755 1085 792 tumulum
1128 745 1305 795 abscislis
1338 770 1489 795 comae

126 818 330 857 cincinnis
352 816 645 864 honorantem,
661 832 696 855 v.
715 831 863 869 1—19.
895 821 940 857 In
963 820 1140 871 secunda
1164 822 1373 860 accedunt
1396 823 1486 861 Ele·

126 896 216 923 ctra
248 885 506 934 ancillaeque
535 882 783 923 inferiarum
814 886 1098 936 portatrices‚
1153 900 1260 937 quae
1292 887 1483 926 Chorum

124 952 400 997 constituunt,
434 939 577 988 Oreste
601 961 643 990 et
668 951 819 1002 Pylade
841 952 1030 1003 primum
1047 982 1057 1001 ,
1090 967 1142 992 ne
1163 954 1299 992 statim
1325 953 1485 1005 conspi-

124 1022 308 1065 ciantur,
348 1018 670 1064 recedentibus,
702 1033 738 1055 v.
764 1028 988 1064 20—208.
1045 1009 1210 1058 Inferiis
1240 1029 1382 1057 autem
1414 1021 1482 1056 ali-

119 1084 264 1125 solutis
287 1083 453 1123 Orestes
483 1098 609 1135 quum
645 1083 684 1121 se
714 1086 764 1122 ab
793 1084 956 1123 Electra
980 1085 1158 1123 nimium
1185 1095 1387 1136 quantum
1415 1085 1484 1125 de·

116 1151 289 1191 fiderari
312 1149 557 1197 audivisset,
588 1165 610 1189 e
635 1150 970 1203 secessu-prodit,
1001 1152 1142 1204 suique
1163 1153 1327 1205 copiam
1351 1152 1485 1191 sorori

118 1219 238 1266 facit,
265 1232 302 1256 v.
329 1231 474 1266 209—-
491 1230 583 1265 241.
617 1218 726 1255 Tum
750 1219 966 1256 communi
990 1219 1100 1257 sorte
1124 1219 1360 1269 deplorata,
1385 1233 1480 1257 con-

114 1285 269 1343 junctis
300 1284 490 1337 precibus
523 1284 653 1336 patris
685 1298 828 1323 manes
850 1284 901 1323 ad
923 1285 1126 1322 auxilium
1152 1296 1323 1333 vocant,
1355 1300 1403 1323 ac
1426 1287 1480 1325 de

113 1352 347 1397 ulciscenda
378 1350 462 1402 ejus
494 1351 622 1389 caede
654 1349 911 1397 deliberant,
953 1367 985 1391 v.
1012 1366 1262 1401 242—579.
1333 1352 1479 1390 Tertia

113 1419 235 1458 scena
261 1417 392 1456 Chori
427 1417 596 1455 cantico
627 1419 849 1469 expletur,
884 1419 1046 1456 Electra
1074 1418 1246 1470 quidem
1279 1417 1403 1457 aedes
1426 1433 1480 1457 ex

113 1485 342 1539 composito
372 1484 575 1536 ingressa,
605 1484 749 1523 Oreste
780 1496 919 1523 autem
955 1496 995 1524 et
1022 1487 1175 1537 Pylade
1199 1485 1393 1524 aliorsum
1417 1485 1476 1523 di-

110 1554 274 1610 gressis,
332 1563 378 1590 ut
419 1550 613 1590 habitum
655 1549 826 1590 consilio
868 1540 1190 1592 convenientem
1234 1551 1474 1599 induerent,

108 1637 147 1661 v.
181 1621 433 1670 580-646,
491 1619 539 1656 In
576 1630 724 1670 quarta
757 1618 918 1658 Orestes
952 1630 992 1657 et
1025 1619 1196 1670 Pylades
1229 1619 1280 1657 ad
1313 1619 1474 1669 regiam

107 1684 440 1740 Agamemnonis
471 1685 700 1734 accedunt,
752 1696 1009 1738 evocatoque
1034 1686 1236 1738 janitore,
1279 1684 1368 1723 dari
1402 1683 1472 1722 fibi

107 1756 159 1793 ab
189 1755 292 1792 hero
323 1753 481 1791 herai-e
511 1752 678 1803 copiam
703 1752 940 1803 exponendi
966 1751 1185 1804 mandata,
1216 1751 1470 1802 quibuscum

107 1819 322 1864 venerint,
362 1817 588 1870 postulant,
630 1833 667 1856 v.
697 1820 950 1866 647—662.
1010 1820 1055 1856 ln
1088 1818 1234 1870 quinta
1266 1818 1349 1856 exit
1383 1817 1469 1868 ipsa

106 1884 463 1937 Clytaemnestra,
507 1884 667 1924 comite
702 1885 892 1930 Electra3
933 1884 1167 1934 nuntioque
1205 1884 1256 1922 de
1299 1883 1469 1922 Orestae

102 1952 231 1993 caede
260 1951 405 1990 audito
425 1964 548 2003 aegre
568 1950 773 1990 laetitiam
798 1949 1051 2000 dissimulat,
1076 1965 1152 1989 nec
1178 1952 1367 1989 Electrae
1390 1949 1468 1988 mi-

100 2017 264 2058 serabili
299 2018 412 2056 luctu
444 2017 673 2070 quidquam
705 2029 920 2057 commota
946 2018 1132 2070 hospites
1153 2016 1390 2064 introduci,
1423 2026 1466 2054 et

99 2085 334 2124 liberaliter
368 2085 505 2138 excipi
537 2086 665 2137 jubet,
701 2082 738 2123 v.⁷
768 2088 1022 2136 663—713.
1088 2087 1309 2124 Acclamat
1345 2083 1465 2120 scena

98 2153 209 2192 sexta
233 2152 417 2199 Chorus,
449 2151 701 2204 Orestaeque
734 2153 946 2214 consilium
972 2150 1108 2192 faustis
1131 2151 1343 2189 ominibus
1366 2163 1465 2201 pro·

100 2219 300 2270 sequitur,
329 2233 366 2256 v.
391 2232 643 2268 714—724.
699 2219 884 2272 Septima
917 2219 1169 2271 colloquium
1204 2218 1331 2255 habet·
1361 2216 1463 2265 jani-

99 2297 233 2325 torem
255 2286 365 2325 inter
389 2296 430 2325 et
448 2286 630 2324 Gilissam
647 2313 658 2332 ,
692 2285 863 2324 Orestae
884 2286 1090 2325 nutricem
1107 2314 1116 2331 ‚
1141 2284 1191 2323 ad
1214 2282 1459 2336 Aegisthum

99 2352 387 2392 arcessendum
421 2367 444 2389 a
482 2352 814 2403 Clytaemnestra
847 2351 1034 2398 inissem,
1075 2355 1141 2390 cui
1173 2351 1335 2390 Chorus
1370 2349 1462 2387 sub·

98 2419 273 2459 obscure
295 2417 482 2457 noudum
506 2417 584 2456 esse
605 2418 656 2456 de
668 2419 838 2457 Orestae
862 2420 986 2457 rebus
1008 2409 1316 2470 desperandum
1343 2416 1459 2468 signi-

96 2486 211 2534 ficat,
240 2479 274 2523 v}
313 2494 559 2534 725—778.
630 2485 744 2522 Tum
771 2485 891 2523 scena
923 2494 1068 2523 octava
1109 2485 1273 2523 Chorus
1304 2482 1357 2521 ad
1392 2483 1457 2521 Jo-

95 2554 160 2593 vis
211 2563 535 2604 ceterorumque
586 2550 762 2591 deorum
816 2550 1129 2591 invocationem
1179 2549 1457 2593 convertitur,

834 2616 930 2665 (Α)
962 2628 981 2663 3
1316 2627 1452 2665 v·779

1514 2527 1517 2529 ’
1528 2537 1554 2565 ο
