1699 2998
208 142 243 188 4
645 120 719 167 IN
768 118 1133 164 AESCHYLI

212 236 365 283 stram,
398 233 549 273 frustra
585 234 670 282 ejus
695 234 896 286 pietatem
923 248 971 272 ac
997 233 1321 273 misericordiam
1345 233 1570 286 imploran-

216 315 302 344 tem
319 331 331 350 ‚
360 312 497 342 necat.
553 300 618 336 Ac
650 299 836 351 primum
861 300 1030 353 quidem
1056 301 1136 339 hoc
1157 292 1344 340 facinore
1368 303 1502 340 laetus
1524 314 1572 339 ae

214 369 360 416 ferox,
396 366 535 419 paullo
563 365 652 416 post
683 368 882 407 maternis
917 367 1034 406 furiis
1068 367 1264 418 agitatus,
1303 362 1351 405 a'c
1379 366 1435 405 de
1467 367 1573 405 statu

216 435 370 475 mentis
399 433 607 481 dejectus,
641 433 830 485 Delphos
854 434 1063 486 profugit,
1096 433 1139 470 in
1170 433 1375 484 Apollinis
1398 434 1573 471 tutelam

217 504 257 542 se
289 500 542 543 traditurus,
574 499 624 535 ab
661 513 792 551 eoque
824 501 1046 555 parricidii
1077 500 1256 539 crimine
1285 513 1332 540 ac
1366 513 1502 552 poena
1534 499 1574 538 se

221 569 445 608 liberatum
476 564 528 603 iri
554 565 739 619 sperans.

223 886 535 928 FABULAE
582 884 1163 928 CHOEPHORARUM
1205 885 1615 933 PERSON-AE‚.

308 953 549 1002 LOCUS,
608 954 902 1001 TEMPUS,
965 954 1297 994 ORNATUS
1357 953 1499 992 SCE-

800 1020 1023 1061 NICUS.
1286 1019 1290 1021 “

229 1073 450 1173 Orestes
486 1131 788 1170 convenienter
814 1131 887 1178 iis,
919 1145 1025 1184 quae
1048 1129 1381 1182 Clytaemnestra
1405 1130 1584 1176 dixerat,

227 1201 379 1252 Agam.
404 1211 440 1236 v.
464 1206 555 1248 890.
580 1197 751 1250 fingitur
775 1211 798 1236 a
820 1197 1016 1251 Strophio
1040 1195 1236 1236 Phocenfi
1259 1195 1419 1241 redire,
1452 1195 1519 1234 cui
1543 1195 1585 1233 in

229 1267 357 1306 fidem
388 1278 436 1302 ac
462 1265 636 1304 tutelam
662 1265 840 1304 traditus
862 1275 977 1303 erat..
997 1262 1062 1303 Cf.
1091 1278 1126 1302 v.
1157 1267 1206 1313 64
1229 1264 1314 1316 sqq.
1375 1261 1588 1301 Comitem

231 1333 362 1372 habet
399 1329 623 1381 Pyladem,
654 1331 727 1383 qui
758 1341 898 1370 tamen
931 1330 975 1369 in
1006 1331 1087 1370 hac
1105 1330 1250 1371 sabula
1270 1329 1510 1383 paucissima
1530 1329 1588 1367 lo·

234 1407 392 1450 quxtur.

344 1470 517 1511 Orestae
539 1472 656 1512 soror
670 1475 835 1514 Electra
850 1474 1079 1513 comitante
1093 1474 1233 1512 Cboro
1247 1471 1298 1511 ad
1312 1471 1591 1524 Agamemno-

231 1539 296 1579 nis
331 1540 543 1577 tumulum
572 1542 764 1587 accedit,
792 1554 936 1580 manes
956 1541 1065 1590 eius,
1103 1539 1463 1590 Clytaemnestrae
1486 1527 1592 1591 jussu

234 1621 284 1646 ac
305 1605 481 1644 nomine
514 1604 677 1646 inferiis
715 1606 948 1659 expiatura.
996 1607 1195 1645 Ceterum
1230 1603 1458 1656 Aeschylus
1492 1604 1594 1643 Ore·

234 1673 321 1712 stae
343 1685 468 1711 unam
493 1681 652 1725 tantum
675 1672 888 1719 sororem,
916 1673 1150 1720 Electram,
1178 1668 1417 1724 supersuisse
1436 1669 1570 1722 fingit.

348 1748 513 1788 Chorus
531 1748 692 1788 constat
716 1749 878 1788 ancillis
899 1751 1010 1789 bello
1031 1748 1181 1802 captis,
1204 1746 1255 1786 cf.
1274 1760 1310 1785 v.
1324 1759 1405 1796 72.,
1429 1744 1595 1786 Fortasse

162 1856 169 1862 ,
239 1814 510 1860 Troadibus3
541 1829 625 1853 non
649 1826 814 1864 autem,
844 1816 958 1869 quod
980 1817 1183 1856 canterus
1218 1814 1414 1866 putabat,
1441 1811 1595 1855 exvir-

241 1882 404 1936 ginibus
423 1880 646 1934 indigenis.

355 1960 573 1998 Praeterea
597 1957 933 2011 Clytaemnestra
955 1969 997 1999 et
1018 1957 1237 2011 Aegisthus
1254 1959 1316 1997 *in
1345 1957 1506 1997 scenam
1530 1968 1597 1995 ve·

245 2024 391 2074 nium,
420 2025 489 2063 illa
524 2024 696 2077 quidem
729 2026 839 2064 laeto
862 2024 915 2065 de
942 2025 1112 2065 Orestae
1135 2036 1272 2064 morte
1296 2023 1443 2063 nuntio
1467 2022 1598 2060 exsul-

248 2101 363 2141 tans,
387 2090 461 2130 hic
480 2091 702 2139 dubitans,
723 2105 770 2131 ac
792 2091 960 2132 veritati
979 2092 1162 2132 rumoris
1182 2090 1371 2130 nonnihil
1392 2087 1600 2128 diffidens.

362 2167 637 2209 Secundarias
670 2169 714 2207 in
745 2168 885 2208 fabula
917 2179 1058 2221 partes
1096 2179 1243 2220 agunt,
1268 2165 1425 2220 janitor
1450 2180 1484 2204 v.
1509 2167 1601 2215 651.

253 2246 297 2276 et
323 2239 485 2288 Gilissa,
518 2234 673 2275 Orestis
697 2235 864 2282 nutrix,
894 2249 931 2274 v.
957 2249 1032 2285 729
1055 2233 1142 2285 sqq.
1203 2231 1325 2284 Quod
1351 2243 1492 2272 autem
1517 2233 1604 2270 vul-

256 2313 308 2352 go
327 2298 368 2337 in
390 2299 530 2340 indice
550 2299 822 2351 personarum
845 2301 1038 2340 nuntium
1064 2298 1272 2348 (ἄγγελον)
1296 2309 1540 2344 numerant,
1561 2295 1604 2349 {d

257 2363 342 2403 fine
374 2366 492 2405 causa
522 2365 674 2406 idonea
709 2366 882 2408 faciunt.
938 2364 975 2407 Is
1006 2367 1118 2407 enim
1148 2366 1317 2405 nuntius
1344 2378 1472 2405 nemo
1491 2362 1603 2412 „alius

260 2430 318 2470 est
345 2440 469 2482 atque
492 2433 658 2473 Orestes
685 2434 798 2487 ipse,
832 2432 903 2486 qui
933 2444 979 2472 ut
1019 2432 1183 2473 aditum
1219 2432 1273 2470 ad
1297 2426 1603 2470 interficiendos

256 2504 458 2548 paternae
493 2500 630 2538 caedis
662 2512 877 2555 auctores,
925 2511 1107 2540 matrem
1134 2498 1483 2552 Aegisthumque,
1531 2489 1605 2530 fibi
1662 2537 1665 2539 ,

258 2559 441 2611 faceret,
468 2563 619 2604 callide
653 2565 788 2605 nuntii
818 2579 843 2605 a
869 2565 1065 2620 Strophio
1094 2564 1202 2606 missi
1223 2562 1441 2618 personam
1461 2559 1605 2600 indue-

1523 2627 1604 2665 bat.
