1699 2998
558 61 1075 109 CHoEPHoRAS.
1436 86 1498 133 39

140 176 219 217 Sed
249 176 422 239 omnino
460 174 619 216 fateor
628 193 696 217 me
726 177 913 217 nondum
942 189 1194 231 quemquam
1229 180 1397 231 vidisse,
1429 191 1499 238 qui

138 246 194 282 E·
186 244 384 294 ripidem
433 253 566 281 totam
618 243 733 282 illam
778 244 1122 285 confabulationis
1169 257 1331 301 partem
1385 249 1496 290 inter

137 311 275 349 senem
313 320 353 347 et
371 310 576 347 Electram
610 325 646 349 ν.
677 314 921 360 508—546.
949 324 997 348 eo
1019 310 1209 360 consilio,
1240 324 1286 351 ut
1309 315 1491 367 Aeschy-

134 376 221 414 lum
256 375 474 417 irrideret,
513 375 776 423 confinxisse,
821 376 1094 430 probabiliter
1127 377 1334 417 docuerit.
1405 383 1490 419 Me-

134 457 228 481 rum
260 442 341 480 hoc
371 442 427 480 est
453 443 622 496 Stanleji
646 452 962 488 commentum,
995 442 1103 494 quod
1125 458 1206 483 non
1225 445 1489 485 animadver-

98 513 99 519 ’
132 519 262 556 teret,
295 508 548 558 Aeschylum
580 520 621 547 et
641 509 890 560 Euripidem
924 508 1080 548 fabulas
1103 510 1293 562 ejusdem
1315 513 1488 565 quidem

131 574 368 626 argumenti
401 564 642 615 tractandas
675 573 877 622 sumfisse,
909 574 1050 614 sedita
1069 585 1112 613 ut
1133 588 1307 630 uterque
1328 579 1397 618 suo
1424 580 1485 619 in·

128 641 252 693 genio
284 641 595 691 obsequeretur.
653 641 874 694 Euripides
902 640 1021 693 fingit
1054 642 1243 684 Orestem
1276 660 1299 683 a
1329 645 1483 696 paeda·

128 722 258 759 gogo,
290 722 467 760 puerum
503 708 641 746 adhuc
671 708 869 747 tenellum
907 708 1019 746 veste
1039 708 1273 750 involutum
1296 711 1483 764 Aegisthi

126 772 287 812 insidiis
322 773 560 826 surreptum
595 773 727 811 fuisse.
791 772 1022 824 Aeschylus
1053 786 1195 814 autem
1227 779 1482 829 probabilio-

124 855 214 879 rem
240 840 443 878 rationem
465 839 673 889 sequitur,
704 849 745 876 et
767 839 898 892 magis
920 853 1014 878 cum
1039 851 1280 894 temporum
1308 843 1481 882 notatio-

123 920 175 943 ne
196 915 512 956 congruentem.
573 904 736 943 Orestes
760 905 900 953 enim,
936 918 1158 957 antequam
1185 908 1481 960 Agamemnon

122 971 174 1009 ad
205 971 358 1009 bellum
395 971 628 1019 Troianum
662 971 1021 1023 proficisceretur,
1050 983 1195 1019 natus,
1232 986 1318 1014 tum
1350 991 1479 1028 quum

122 1037 453 1086 Clytaemnestra
483 1036 680 1089 Aegistho
713 1038 964 1090 morigerari
995 1037 1221 1088 inciperet,
1263 1040 1476 1080 decimum

119 1102 264 1140 aetatis
285 1116 438 1157 ann-um
463 1117 586 1155 agere
607 1102 774 1148 debuit,
807 1113 848 1140 et
871 1091 939 1141 νὶὲ
960 1113 1054 1142 ante
1085 1103 1376 1146 imminentem
1401 1124 1474 1161 pu·

115 1169 324 1207 bet-tatem
346 1171 397 1206 ab
418 1168 559 1220 iniqua
583 1180 714 1208 matre
738 1167 789 1206 ad
809 1168 1055 1221 Strophium
1077 1170 1217 1210 missus
1241 1171 1311 1210 est.
1347 1173 1475 1214 Certe

118 1245 231 1280 tum,
256 1250 380 1286 quum
404 1237 698 1288 Agamemnon
721 1234 901 1281 rediret,
932 1236 1162 1290 Aeschylus
1180 1237 1363 1277 Orestem
1387 1242 1472 1292 jam

115 1301 156 1340 in
180 1303 302 1353 pleno
321 1303 540 1355 juventutis
562 1303 664 1340 flore
684 1316 732 1340 ac
755 1303 908 1340 robore
931 1303 1164 1341 versantem
1186 1303 1332 1351 finxit,
1361 1306 1472 1358 quod

112 1369 234 1420 plane
273 1368 520 1421 intelligitur
563 1382 586 1408 e
613 1368 741 1406 Chori
785 1367 906 1407 dictis
938 1370 1316 1421 Acram.1657.et
1350 1376 1468 1422 1678.

111 1436 200 1474 Jam
217 1436 486 1486 chlamydem
507 1434 631 1473 fratri
654 1447 826 1486 peregre
847 1435 1016 1473 abeunti
1038 1449 1060 1473 a
1082 1435 1122 1474 se
1144 1446 1305 1474 textam
1327 1448 1369 1476 et
1390 1436 1469 1479 acii

110 1502 268 1553 pictam
301 1501 466 1540 donasse
497 1502 729 1547 Electram,
773 1498 949 1573 eamque
966 1483 1051 1540 ab
1063 1499 1262 1548 Oreste,
1274 1504 1346 1554 qui
1375 1504 1466 1543 dili-

110 1579 255 1619 genter
294 1567 442 1606 sotoris
489 1566 662 1606 domum
699 1566 852 1605 amoris
881 1561 1058 1623 fraterni
1094 1568 1213 1606 causa
1248 1569 1463 1619 servasset,

111 1633 339 1673 etiamnum
374 1632 550 1685 gestari,
588 1633 692 1672 nihil
721 1634 870 1706 habet,
894 1618 1023 1699 quod
1057 1648 1079 1673 a
1111 1634 1297 1689 meritatis
1326 1637 1465 1689 specie

107 1701 288 1739 1·ecedat.

216 1817 251 1840 v.
279 1816 369 1850 230.
426 1798 528 1838 ἔνδον
553 1802 692 1850 γενοῦ]
746 1801 832 1840 scil.
869 1800 1021 1851 φξδνων·
1079 1805 1278 1846 „Contine
1306 1804 1461 1855 (repri-

106 1869 195 1921 me)
218 1879 270 1907 te.
331 1868 498 1907 Orestes
520 1869 665 1906 videns
687 1868 894 1906 Electram
918 1877 1075 1904 attente
1098 1866 1215 1905 suum
1238 1884 1341 1921 opus
1363 1885 1459 1909 con-

103 1934 355 1973 siderantem
403 1935 855 1986 recognoscentemque
894 1947 1027 1984 prope
1067 1934 1217 1985 gaudio
1254 1936 1459 1985 insanire,

103 2002 260 2040 veritus
279 2015 332 2040 ne
355 2003 540 2041 clamore
564 2001 859 2053 intempestivo
889 2000 928 2038 se
953 1999 1174 2052 proderet,
1203 2002 1319 2041 illam
1345 2001 1457 2042 cohi·

101 2069 196 2114 bet,
249 2067 349 2107 ficut
381 2068 538 2119 Ulysses
571 2066 875 2120 Eurycleam.”
923 2070 1088 2117 Stanlej.
1158 2067 1223 2107 Cf.
1258 2068 1453 2123 SophocL

101 2130 251 2174 Electr.
285 2149 320 2174 v.
347 2148 447 2185 1249
469 2135 526 2187 sq.

209 2251 248 2274 ν.
272 2250 362 2286 233.
406 2231 586 2287 Boc-‘eguerit
607 2256 662 2263 —-
684 2232 885 2286 σωτήριος]
943 2234 1008 2274 Sic
1041 2235 1177 2287 aptior
1210 2233 1346 2272 sensus
1369 2233 1448 2274 est:

98 2305 255 2352 osaepe
283 2307 368 2351 jam
390 2305 652 2354 defletaspes,
677 2306 831 2353 generis
855 2299 1290 2355 patertzisospitatrix!
1324 2314 1451 2352 quam

98 2382 148 2406 ex
186 2367 346 2413 vulgata
378 2368 561 2407 lectione
594 2367 798 2418 σωτηρίου,
832 2382 958 2420 quam
982 2368 1112 2408 Stant.
1144 2366 1291 2408 vertit:
1321 2368 1446 2418 Zac-ry·
1479 2399 1482 2411 ,

95 2435 248 2472 »nabilis
262 2436 353 2484 spes
366 2437 524 2485 seminis
535 2438 739 2486 salutaris.

767 2564 861 2615 cc>
890 2578 916 2615 4
1291 2577 1331 2602 v·
1356 2576 1445 2614 235·
